
@book{CLOUD2021,
  author    = {Goniwada, Shivakumar R},
  publisher = {Apress},
  title     = {CLOUD NATIVE ARCHITECTURE AND DESIGN : a handbook for modern day architecture and design with... enterprise-grade examples.},
  year      = {2021}
}

@online{DHBW,
  author  = {{DHBW Lörrach}},
  title   = {DHBW Startseite},
  year    = 2018,
  url     = {http://www.dhbw-loerrach.de/},
  urldate = {2018-03-30}
}

@conference{EDA2006,
  author     = {Chandy, Mani},
  eventtitle = {Gartner Application Integration and Web Services Summit},
  title      = {Event-Driven Applications: Costs, Benefits and Design Approaches},
  year       = {2006}
}

@book{EDA2010,
  title     = {Event-Driven Architecture : Softwarearchitektur für ereignisgesteuerte Geschäftsprozesse},
  series    = {Xpert.pressSpringerLink},
  author    = {Ralf Bruns},
  editor    = {Jürgen Dunkel},
  address   = {Berlin, Heidelberg},
  publisher = {Springer Berlin Heidelberg},
  year      = {2010},
  isbn      = {9783642024399}
}

@interview{Experte2018,
  author = {Hans Expertmann},
  title  = {Aktueller Fertigungsprozess},
  year   = {2018}
}

@unpublished{Firma2018,
  author = {Julia Musterfrau},
  title  = {Die Geschichte der Musterfrau AG},
  year   = {2018}
}

@book{Freund2014,
  author    = {Freund, Jakob and Rücker, Bernd},
  title     = {Praxishandbuch BPMN 2.0},
  address   = {München; Wien},
  publisher = {Hanser},
  year      = {2014},
  edition   = {4., aktualisierte Aufl.},
  isbn      = {978-3-446-44255-9}
}

@incollection{Meuser2009,
  author    = {Meuser, Michael
               and Nagel, Ulrike},
  editor    = {Pickel, Susanne
               and Pickel, Gert
               and Lauth, Hans-Joachim
               and Jahn, Detlef},
  title     = {Das Experteninterview --- konzeptionelle Grundlagen und methodische Anlage},
  booktitle = {Methoden der vergleichenden Politik- und Sozialwissenschaft: Neue Entwicklungen und Anwendungen},
  year      = {2009},
  publisher = {VS Verlag f{\"u}r Sozialwissenschaften},
  address   = {Wiesbaden},
  isbn      = {978-3-531-91826-6}
}

@online{OMG2018,
  author  = {{Object Management Group}},
  title   = {OMG Startseite},
  year    = {o.J.},
  url     = {http://www.dhbw-loerrach.de/},
  urldate = {2018-03-30}
}

@online{sapse_was,
  author  = {{SAP SE}},
  year    = {o.J.},
  title   = {Was ist SAP? | Definition \& Bedeutung | SAP Abkürzung},
  url     = {https://www.sap.com/germany/about/company/what-is-sap.html},
  urldate = {2023-06-14}
}

@online{schlechteQuelle,
  author  = {{o.V.}},
  title   = {Eine Quelle ohne Verfasser und ohne Jahr},
  year    = {o.J.},
  url     = {https://www.google.de//},
  urldate = {2018-04-10}
}

@online{schlechteQuelle2,
  author  = {{o.V.}},
  year    = {o.J.},
  url     = {https://www.amazon.de//},
  urldate = {2018-04-12}
}

@book{test,
  author     = {Grande, Marcus},
  sortname   = {Grande, Marcus},
  title      = {100 Minuten für Anforderungsmanagement: Kompaktes Wissen nicht nur für Projektleiter und Entwickler},
  shorttitle = {100 Minuten für Anforderungsmanagement},
  year       = 2011,
  publisher  = {Vieweg + Teubner Verlag},
  location   = {Wiesbaden},
  edition    = {1}
}

@article{WIWO2018,
  author  = {{o.V.}},
  title   = {Der unkontrollierte Boom},
  journal = {Wirtschaftswoche},
  year    = {2018},
  volume  = {(2018), Heft 15 vom 06.04.2018}
}
